@article{Anandh16,
	title			= {A method to differentiate mild cognitive impairment and {A}lzheimer in {MR} 
					   images using eigen value descriptors},
	author			= {Anandh, K. R. and Sujatha, C. M. and Ramakrishnan, S.},
	journal			= {Medical Systems},
	volume			= {40},
	number			= {1},
	pages			= {1--8},
	year			= {2016}
}

@article{Beheshti16,
	title			= {Feature-ranking-based {A}lzheimer's disease classification from structural
					   {MRI}},
	author			= {Beheshti, I. and Demirel, H.},
	journal			= {Magnetic Resonance Imaging},
	volume			= {34},
	number			= {3},
	pages			= {252--263},
	year			= {2016}
}

@article{Daliri12,
	title			= {Automated diagnosis of {A}lzheimer disease using the scale-invariant feature
					   transforms in magnetic resonance images},
	author			= {Daliri, M. R.},
	journal			= {Medical Systems},
	volume			= {36},
	number			= {2},
	pages			= {995--1000},
	year			= {2012}
}

@article{DeVos16,
	title			= {Combining multiple anatomical {MRI} measures improves {A}lzheimer's disease
					   classification},
	author			= {de Vos, F. and Schouten, T. M. and Hafkemeijer, A. and Dopper, E. G. P. and van
					   Swieten, J. C. and de Rooij, M. and van der Grond, J. and Rombouts, S. A. R. B.},
	journal			= {Human Brain Mapping},
	year			= {2016}
}

@article{Devanand07,
	title			= {Hippocampal and entorhinal atrophy in mild cognitive impairment prediction of
					   {A}lzheimer disease},
	author			= {Devanand, D. P. and Pradhaban, G. and Liu, X. and Khandji, A. and De Santi, S.
					   and Segal, S. and Rusinek, H. and Pelton, G. H. and Honig, L. S. and Mayeux, R.},
	journal			= {Neurology},
	volume			= {68},
	number			= {11},
	pages			= {828--836},
	year			= {2007}
}

@article{Guerrero14,
	title			= {Manifold population modeling as a neuro-imaging biomarker: application to {ADNI} 
					   and {ADNI-GO}},
	author			= {Guerrero, R. and Wolz, R. and Rao, A. W. and Rueckert, D.},
	journal			= {NeuroImage},
	volume			= {94},
	pages			= {275--286},
	year			= {2014}
}

@article{Lowe04,
	title			= {Distinctive image features from scale-invariant keypoints},
	author			= {Lowe, D. G.},
	journal			= {Computer Vision},
	volume			= {60},
	number			= {2},
	pages			= {91--110},
	year			= {2004}
}

@article{Plocharski16,
	title			= {Extraction of sulcal medial surface and classification of {A}lzheimer's disease
					   using sulcal features},
	author			= {Plocharski, M. and {\O}stergaard, L. R.},
	journal			= {Computer Methods and Programs in Biomedicine},
	volume			= {133},
	pages			= {35--44},
	year			= {2016}
}

@article{Ramaniharan16,
	title			= {Laplace {B}eltrami eigen value based classification of normal and {A}lzheimer
					  {MR} images using parametric and non-parametric classifiers},
	author			= {Ramaniharan, A. K. and Manoharan, S. C. and Swaminathan, R.},
	journal			= {Expert Systems with Applications},
	volume			= {59},
	pages			= {208--216},
	year			= {2016}
}

@article{Wolz11,
	title			= {Multi-method analysis of {MRI} images in early diagnostics of {A}lzheimer's
					   disease},
	author			= {Wolz, R. and Julkunen, V. and Koikkalainen, J. and Niskanen, E. and Zhang, D. P.
					   and Rueckert, D. and Soininen, H. and L{\"o}tj{\"o}nen, J.},
	journal			= {PloS One},
	volume			= {6},
	number			= {10},
	pages			= {e25446},
	year			= {2011}
}

@article{Zhou14,
	title			= {An optimal decisional space for the classification of {A}lzheimer's disease and
					   mild cognitive impairment},
	author			= {Zhou, Q. and Goryawala, M. and Cabrerizo, M. and Wang, J. and Barker, W. and
					   Loewenstein, D. A and Duara, R. and Adjouadi, M.},
	journal			= {Biomedical Engineering},
	volume			= {61},
	number			= {8},
	pages			= {2245--2253},
	year			= {2014}
}

@inproceedings{Rublee11,
	title			= {{ORB}: an efficient alternative to {SIFT} or {SURF}},
	author			= {Rublee, E. and Rabaud, V. and Konolige, K. and Bradski, G.},
	booktitle		= {International Conference on Computer Vision},
	pages			= {2564--2571},
	year			= {2011}
}
