@inproceedings{Gu07,
	author		= {Dongbing, G.},
	title		= {Distributed Particle Filter for Target Tracking},
	booktitle	= {IEEE International Conference on Robotics and Automation},
	pages		= {3856-3861},
	year		= {2007}
}

@inproceedings{Wu08,
	author		= {Wu, Y. and Tong, X. and Zhang, Y. and Lu, H.},
	title		= {Boosted Interactively Distributed Particle Filter for automatic multi-object tracking},
	booktitle	= {IEEE International Conference on Image Processing},
	year		= {2008}
}

@inproceedings{Oreshkin10,
	author		= {Oreshkin, B. N. and Coates, M. J.},
	title		= {Asynchronous distributed particle filter via decentralized evaluation of Gaussian products},
	booktitle	= {International Conference on Information Fusion},
	pages 		= {1-8},
	year		= {2010}
}

@inproceedings{Yilmaz06,
	author		= {Yilmaz, A and Javed, O. and Shah, M.},
	title		= {Object tracking: A survey},
	booktitle	= {Journal ACM Computing Surveys (CSUR)},
	year		= {2006}
}

@inproceedings{Hampapur05,
	author		= {Hampapur, A. and Brown, L. and Connell, J. and Ekin, A. and Haas, N. and Lu, M. and Merkl, H. and Pankanti, S},
	title		= {Smart video surveillance: exploring the concept of multiscale spatiotemporal tracking},
	booktitle	= {Signal Processing Magazine IEEE},
	pages 		= {38-51},
	year		= {2005}
}

@inproceedings{Pless00,
	author		= {Pless, R. and Brodsky, T. and Aloimonos, Y.},
	title		= {Detecting independent motion: the statistics of temporal continuity},
	booktitle	= {Pattern Analysis and Machine Intelligence IEEE},
	pages 		= {768-773},
	year		= {2000}
}

@inproceedings{Haritaoglu00,
	author		= {Haritaoglu, I. and Harwood, D. and Davis, L. S.},
	title		= {W4: real-time surveillance of people and their activities},
	booktitle	= {Pattern Analysis and Machine Intelligence IEEE},
	pages 		= {809-830},
	year		= {2000}
}

@inproceedings{Stauffer00,
	author		= {Stauffer, C. and Grimson, W. E. L.},
	title		= {Learning patterns of activity using real-time tracking},
	booktitle	= {Pattern Analysis and Machine Intelligence IEEE},
	pages 		= {747-757},
	year		= {2000}
}
