@article{Berclaz11,
	title			= {Multiple object tracking using k-shortest paths optimization},
	author			= {Berclaz, Jerome and Fleuret, Francois and Turetken, Engin and Fua,
					   Pascal},
	journal			= {IEEE Transactions on Pattern Analysis and Machine Intelligence},
	volume			= {33},
	number			= {9},
	pages			= {1806--1819},
	year			= {2011},
	publisher		= {IEEE}
}

@article{Breitenstein11,
	title			= {Online multiperson tracking-by-detection from a single, uncalibrated
					   camera},
	author			= {Breitenstein, Michael D and Reichlin, Fabian and Leibe, Bastian and
					   Koller-Meier, Esther and Van Gool, Luc},
	journal			= {IEEE Transactions on Pattern Analysis and Machine Intelligence},
	volume			= {33},
	number			= {9},
	pages			= {1820--1833},
	year			= {2011},
	publisher		= {IEEE}
}

@article{Kasturi09,
	title			= {Framework for performance evaluation of face, text, and vehicle
					   detection and tracking in video: Data, metrics, and protocol},
	author			= {Kasturi, Rangachar and Goldgof, Dmitry and Soundararajan,
					   Padmanabhan and Manohar, Vasant and Garofolo, John and Bowers,
					   Rachel and Boonstra, Matthew and Korzhova, Valentina and Zhang,
					   Jing},
	journal			= {IEEE Transactions on Pattern Analysis and Machine Intelligence},
	volume			= {31},
	number			= {2},
	pages			= {319--336},
	year			= {2009},
	publisher		= {IEEE}
}

@incollection{Kitani12,
	title			= {Activity forecasting},
	author			= {Kitani, Kris M and Ziebart, Brian D and Bagnell, James Andrew and
					   Hebert, Martial},
	booktitle		= {Computer Vision--ECCV 2012},
	pages			= {201--214},
	year			= {2012},
	publisher		= {Springer}
}

@inproceedings{Andriyenko11,
	title			= {An analytical formulation of global occlusion reasoning for multi
					   target tracking},
	author			= {Andriyenko, Anton and Roth, Stefan and Schindler, Konrad},
	booktitle		= {IEEE International Conference on Computer Vision Workshops 2011},
	pages			= {1839--1846},
	year			= {2011},
	organization	= {IEEE}
}

@inproceedings{Leal11,
	title			= {Everybody needs somebody: Modeling social and grouping behavior on a
					   linear programming
					   multiple people tracker},
	author			= {Leal-Taix{\'e}, Laura and Pons-Moll, Gerard and Rosenhahn, Bodo},
	booktitle		= {IEEE International Conference on Computer Vision Workshops 2011},
	pages			= {120--127},
	year			= {2011},
	organization	= {IEEE}
}

@inproceedings{Ng00,
	title			= {Algorithms for inverse reinforcement learning.},
	author			= {Ng, Andrew Y and Russell, Stuart J and others},
	booktitle		= {Icml},
	pages			= {663--670},
	year			= {2000}
}

@inproceedings{Sharma09,
	title			= {Evaluation of people tracking, counting and density estimation in
					   crowded environments},
	author			= {P. K. Sharma and C. Huang and R. Nevatia},
	booktitle		= {Eleventh IEEE International Workshop on Performance Evaluation of
					   Tracking and Surveillance},
	pages			= {39--46},
	year			= {2009},
	organization	= {IEEE}
}

@inproceedings{Yang09,
	title			= {Probabilistic multiple people tracking through complex situations},
	author			= {J. Yang and Z. Shi and P. Vela and J. Teizer},
	booktitle		= {Eleventh IEEE International Workshop on Performance Evaluation of
					   Tracking and Surveillance},
	pages			= {79--86},
	year			= {2009},
	organization	= {IEEE}
}
