@article{Yilmaz06,
	title		= {Object tracking: A survey},
	author		= {Yilmaz, Alper and Javed, Omar and Shah, Mubarak},
	journal		= {Acm Computing Surveys (CSUR)},
	volume		= {38},
	number		= {4},
	pages		= {13},
	year		= {2006}
}

@inproceedings{Wu08,
	title		= {Boosted Interactively Distributed Particle Filter for automatic multi-object tracking},
	author		= {Wu, Yi and Tong, Xiaofeng and Zhang, Yimin and Lu, Hanging},
	booktitle	= {15th IEEE International Conference on Image Processing, 2008. ICIP 2008},
	pages		= {1844--1847},
	year		= {2008}
}

@inproceedings{Wu08,
	title		= {Boosted Interactively Distributed Particle Filter for automatic multi-object tracking},
	author		= {Wu, Yi and Tong, Xiaofeng and Zhang, Yimin and Lu, Hanging},
	booktitle	= {15th IEEE International Conference on Image Processing, 2008. ICIP 2008},
	pages		= {1844--1847},
	year		= {2008}
}

@inproceedings{Gu07,
	title		= {Distributed particle filter for target tracking},
	author		= {Gu, Dongbing},
	booktitle	= {IEEE International Conference on Robotics and Automation, 2007},
	pages		= {3856--3861},
	year		= {2007}
}

@inproceedings{Oreshkin10,
	title		= {Asynchronous distributed particle filter via decentralized evaluation of Gaussian products},
	author		= {Oreshkin, Boris N and Coates, Mark J},
	booktitle	= {13th Conference on Information Fusion (FUSION), 2010},
	pages		= {1--8},
	year		= {2010}
}

@misc{BHuman11,
	author		= {R\"{o}fer, Thomas and others},
	title		= {B-Human team report and code release 2011},
	note		= {Technical report, available online: \url{www.b-human.de/downloads/bhuman11_coderelease.pdf}}
}
