@article{Berclaz11,
	title			= {Multiple object tracking using k-shortest paths optimization},
	author			= {Berclaz, J. and Fleuret, F. and Turetken, E. and Fua, P.},
	journal			= {Transactions on Pattern Analysis and Machine Intelligence},
	volume			= {33},
	number			= {9},
	pages			= {1806--1819},
	year			= {2011}
}

@article{Breitenstein11,
	title			= {Online multiperson tracking-by-detection from a single, uncalibrated camera},
	author			= {Breitenstein, M. D. and Reichlin, F. and Leibe, B. and Koller-Meier, E. and Van
					   Gool, L.},
	journal			= {Transactions on Pattern Analysis and Machine Intelligence},
	volume			= {33},
	number			= {9},
	pages			= {1820--1833},
	year			= {2011}
}

@article{Nascimento10,
	title			= {Trajectory classification using switched dynamical hidden {Markov} models},
	author			= {Nascimento, J. C. and Figueiredo, M. A. T. and Marques, J. S.},
	journal			= {Transactions on Image Processing},
	volume			= {19},
	number			= {5},
	year			= {2010}
}

@inproceedings{Andriyenko11,
	title			= {An analytical formulation of global occlusion reasoning for multi target
					   tracking},
	author			= {Andriyenko, A. and Roth, S. and Schindler, K.},
	booktitle		= {International Conference on Computer Vision},
	pages			= {1839--1846},
	year			= {2011}
}

@inproceedings{Bae14,
	title			= {Robust online multi-object tracking based on tracklet confidence and online
					   discriminative appearance learning},
	author			= {Bae, S. and Yoon, K.},
	booktitle		= {Conference on Computer Vision and Pattern Recognition},
	pages			= {1218--1225},
	year			= {2014}
}

@inproceedings{Bloisi12,
	title			= {Independent multimodal background subtraction},
	author			= {Bloisi, D. D. and Iocchi, L.},
	booktitle		= {International Conference on Computational Modeling of Objects Presented in
					   Images: Fundamentals, Methods and Applications},
	pages			= {39--44},
	year			= {2012}
}

@inproceedings{Henriques11,
	title			= {Globally optimal solution to multi-object tracking with merged measurements},
	author			= {Henriques, J. F. and Caseiro, R. and Batista, J.},
	booktitle		= {International Conference on Computer Vision},
	pages			= {2470--2477},
	year			= {2011}
}

@inproceedings{Kitani12,
	title			= {Activity forecasting},
	author			= {Kitani, K. M. and Ziebart, B. D. and Bagnell, J. A. and Hebert, M.},
	booktitle		= {European Conference on Computer Vision},
	pages			= {201--214},
	year			= {2012}
}

@inproceedings{Leal11,
	title			= {Everybody needs somebody: modeling social and grouping behavior on a linear
					   programming multiple people tracker},
	author			= {Leal-Taix{\'e}, L. and Pons-Moll, G. and Rosenhahn, B.},
	booktitle		= {International Conference on Computer Vision},
	pages			= {120--127},
	year			= {2011}
}

@inproceedings{Ng00,
	title			= {Algorithms for inverse reinforcement learning},
	author			= {Ng, A. Y. and Russell, S. J.},
	booktitle		= {International Conference on Machine Learning},
	pages			= {663--670},
	year			= {2000}
}


@inproceedings{Vail07,
	title			= {Conditional random fields for activity recognition},
	author			= {Vail, D. L. and Veloso, M. M. and Lafferty, J. D.},
	booktitle		= {International Conference on Autonomous Agents and Multiagent Systems},
	pages			= {235},
	year			= {2007}
}

@inproceedings{Yang09,
	title			= {Probabilistic multiple people tracking through complex situations},
	author			= {Yang, J. and Shi, Z. and Vela, P. and Teizer, J.},
	booktitle		= {International Workshop on Performance Evaluation of Tracking and Surveillance},
	pages			= {79--86},
	year			= {2009}
}
