@inproceedings{Yilmaz06,
	author		= {Yilmaz, A and Javed, O. and Shah, M.},
	title		= {Object tracking: A survey},
	booktitle	= {Journal ACM Computing Surveys (CSUR)},
	year		= {2006}
}
