@inproceedings{Liao,
	author		= {Liao, Elizabeth and Hollinger, Geoffrey and Djugash, Joseph and Singh, Sanjiv},
	booktitle	= {Distributed Autonomous Robotic Systems},
	pages		= {125--134},
	publisher	= {Springer-Verlag},
	title		= {{Preliminary Results in Tracking Mobile Targets Using Range Sensors from Multiple Robots}},
	year		= {2006}
}

@inproceedings{Trigui,
	author		= {Trigui, Sahar and Koubaa, A},
	booktitle	= {2012 16th IEEE Mediterranean},
	isbn		= {9781467307840},
	pages		= {989--992},
	title		= {{Coordination in a multi-robot surveillance application using Wireless Sensor Networks}},
	url			= {http://ieeexplore.ieee.org/xpls/abs\_all.jsp?arnumber=6196593},
	year		= {2012}
}

@inproceedings{Stroupe,
	author		= {W. Stroupe and Martin, M.C. and Balch, T.},
	booktitle	= {Proceedings 2001 ICRA. IEEE International Conference on Robotics and Automation (Cat. No.01CH37164)},
	doi			= {10.1109/ROBOT.2001.932739},
	isbn		= {0-7803-6576-3},
	pages		= {1092--1098},
	publisher	= {Ieee},
	title		= {{Distributed sensor fusion for object position estimation by multi-robot systems}},
	url			= {http://ieeexplore.ieee.org/lpdocs/epic03/wrapper.htm?arnumber=932739},
	volume		= {2}
}

@inproceedings{Kudelski,
	author		= {Kudelski, Michal and Cinus, Marco and Gambardella, Luca and {Di Caro}, Gianni A.},
	booktitle	= {2012 IEEE/RSJ International Conference on Intelligent Robots and Systems},
	doi			= {10.1109/IROS.2012.6385998},
	isb			= {978-1-4673-1736-8},
	month		= oct,
	pages		= {5018--5025},
	publisher	= {Ieee},
	title		= {{A framework for realistic simulation of networked multi-robot systems}},
	url			= {http://ieeexplore.ieee.org/lpdocs/epic03/wrapper.htm?arnumber=6385998},
	year		= {2012}
}
